<record><leader>00000cas a22000007a 4500</leader><controlfield tag="001">24184429</controlfield><controlfield tag="008">910806d18771uuunyuwr ne      0    0eng d</controlfield><datafield ind1=" " ind2=" " tag="010"><subfield code="a">sn 91066335 </subfield></datafield><datafield ind1=" " ind2=" " tag="040"><subfield code="a">NYS</subfield><subfield code="b">eng</subfield><subfield code="c">NYS</subfield><subfield code="d">OCLCQ</subfield></datafield><datafield ind1=" " ind2=" " tag="042"><subfield code="a">msc</subfield></datafield><datafield ind1="0" ind2="0" tag="245"><subfield code="a">Charlotte Valley news.</subfield></datafield><datafield ind1=" " ind2=" " tag="260"><subfield code="a">Davenport, N.Y. :</subfield><subfield code="b">Marcus M. Multer</subfield></datafield><datafield ind1=" " ind2=" " tag="300"><subfield code="a">v. ;</subfield><subfield code="c">51 cm.</subfield></datafield><datafield ind1=" " ind2=" " tag="310"><subfield code="a">Weekly</subfield></datafield><datafield ind1="0" ind2=" " tag="362"><subfield code="a">Vol. 1, no. 1 (Dec. 27, 1877)-</subfield></datafield><datafield ind1=" " ind2=" " tag="500"><subfield code="a">Published in Davenport, N.Y., Dec. 27, 1877-Aug. 29, 1878; in Charlotteville, N.Y., Sept. 4, 1878-&lt;Dec. 12, 1878&gt;; in Davenport, N.Y., &lt;1881-1884&gt;.</subfield></datafield><datafield ind1=" " ind2=" " tag="500"><subfield code="a">Publishers: Marcus M. Multer, 1877-&lt;1878&gt;; Morris &amp; Shafer, &lt;1878&gt;; D. O'Connor, &lt;1881-1884&gt;.</subfield></datafield><datafield ind1=" " ind2="4" tag="651"><subfield code="a">Davenport (N.Y.)</subfield><subfield code="v">Newspapers.</subfield></datafield><datafield ind1=" " ind2="4" tag="651"><subfield code="a">Charlotteville (N.Y.)</subfield><subfield code="v">Newspapers.</subfield></datafield><datafield ind1=" " ind2=" " tag="752"><subfield code="a">United States</subfield><subfield code="b">New York</subfield><subfield code="c">Delaware</subfield><subfield code="d">Davenport.</subfield></datafield><datafield ind1=" " ind2=" " tag="752"><subfield code="a">United States</subfield><subfield code="b">New York</subfield><subfield code="c">Schoharie</subfield><subfield code="d">Charlotteville.</subfield></datafield><datafield ind1="1" ind2=" " tag="029"><subfield code="a">AU@</subfield><subfield code="b">000025906996</subfield></datafield></record>